@book{Box2005,
address = {Cambridge},
author = {Box, George E.P. and Hunter, Stuart and Hunter, William G},
edition = {2},
pages = {672},
publisher = {Wiley},
title = {{Statistics for Experimenters: Design, Innovation, and Discovery}},
year = {2005}
}

@article{Platt1964,
author = {Platt, John R.},
issn = {00368075},
journal = {Science},
month = {oct},
number = {3642},
pages = {347--353},
publisher = {American Association for the Advancement of Science},
title = {{Strong inference}},
volume = {146},
year = {1964}
}
