@article{wiki,
 author = {Entendido, Alguém and Entendido, Outro}, 
 title = {Fantasma}, 
 journal = {Wikipedia}, 
 year = {2017}, 
 volume = {Y}, 
 pages = {r-v}, 
 note = {https://pt.wikipedia.org/wiki/Fantasma}
}

@article{f10, 
 author = {Redação, A. and Urbanas, L.}, 
 title = {10 aparições famosas e assustadoras de fantasmas}, 
 journal = {Fatos Desconhecidos}, 
 year = {2015}, 
 volume = {0}, 
 pages = {1--10}, 
 note = {https://www.fatosdesconhecidos.com.br/10-aparicoes-famosas-e-assustadoras-de-fantasmas/}
}

@article{frio, 
 author = {Franca, Leila}, 
 title = {O fantasma da ponte}, 
 year = {2010}, 
 volume = {v}, 
 pages = {a--z}, 
 note = {http://leilafranca.blogspot.com.br/2010/05/o-fantasma-da-ponte.html}
}

