 @Book{ggplot2,
    author = {Hadley Wickham},
    title = {ggplot2: Elegant Graphics for Data Analysis},
    publisher = {Springer-Verlag New York},
    year = {2009},
    isbn = {978-0-387-98140-6},
    url = {http://ggplot2.org},
  }
