% This file was created with JabRef 2.10.
% Encoding: UTF-8


@Book{Gelman2006,
  Title                    = {{Data Analysis Using Regression and Multilevel/Hierarchical Models}},
  Author                   = {Gelman, Andrew and Hill, Jennifer},
  Publisher                = {Cambridge University Press},
  Year                     = {2006},
  Edition                  = {1},
  Month                    = {dec},

  ISBN                     = {052168689X},
  Keywords                 = {Folder - vistos},
  Mendeley-tags            = {Folder - vistos},
  Url                      = {http://www.amazon.com/dp/052168689X}
}

@Book{Gentle2004,
  Title                    = {{Handbook of Computational Statistics}},
  Author                   = {Gentle, J.E. and HSrdle, Wolfgang},
  Publisher                = {Springer},
  Year                     = {2004},
  Edition                  = {1},
  Month                    = {aug},

  ISBN                     = {3540404643},
  Url                      = {http://www.amazon.com/dp/3540404643}
}

@Article{Geweke1992,
  Title                    = {{Evaluating the accuracy of sampling-based approaches to calcualting posterior moments}},
  Author                   = {Geweke, J.},
  Journal                  = {Bayesian statistics},
  Year                     = {1992},
  Volume                   = {4}
}

@Book{pereira2012artigos,
  Title                    = {Artigos cientiÃÅficos : como redigir, publicar e avaliar},
  Author                   = {Pereira, Mauricio},
  Publisher                = {Grupo Gen - Guanabara Koogan},
  Year                     = {2012},

  Address                  = {Rio de Janeiro},

  ISBN                     = {9788527719285}
}

